@article{chakraborty2008efficiency,
  title={Efficiency and equity in school funding: A case study for Kansas},
  author={Chakraborty, Kalyan and Poggio, John},
  journal={International Advances in Economic Research},
  volume={14},
  pages={228--241},
  year={2008},
  publisher={Springer}
}