@article{dantzig2002linear,
  title={Linear programming},
  author={Dantzig, George B},
  journal={Operations research},
  volume={50},
  number={1},
  pages={42--47},
  year={2002},
  publisher={INFORMS}
}