@article{Rea2002OutcomesFS,
  title={Outcomes for Students with Learning Disabilities in Inclusive and Pullout Programs},
  author={Patricia Jordan Rea and Virginia L. McLaughlin and Chriss Walther-Thomas},
  journal={Exceptional Children},
  year={2002},
  volume={68},
  pages={203 - 222}
}