@article{goyal1973allocation,
  title={Allocation of library funds to different departments of a university--an operational research approach},
  author={Goyal, SK},
  journal={College \& Research Libraries},
  volume={34},
  number={3},
  pages={219--222},
  year={1973}
}