@article{reifler2021classroom,
  title={Classroom pull-out: helping or hurting studentsâ€™ self-concepts and academic success?},
  author={Reifler, Allie},
  year={2021}
}