@article{ren2016educational,
  title={An Educational Funding Mechanism Based on Data Insight.},
  author={Ren, Jingze and Run, Haonan and Wang, Kai},
  journal={UMAP Journal},
  volume={37},
  number={3},
  year={2016}
}