// TEMPLATES //

// Website or web document

@misc{web,
  author       = {{Org or Person Name}},
  title        = {{Page or Document Title}},
  howpublished = {\url{www.website.com}},
  year         = {2022},
  note         = {[Accessed on 01-02-2023]},
}

// Book

@book{book,
  title={Title},
  author={Surname1, Firstname1 and Surname2, Firstname2 and Surname3, Firstname3},
  year={2000},
  publisher={Publisher Name},
  chapter={1}
}

// Journal article

@article{article,
  title={Title},
  author={Surname1, Firstname1 and Surname2, Firstname2},
  journal={Journal Name},
  volume={10},
  number={1},
  pages={100--200},
  year={2000},
  publisher={e.g. University or Elsevier}
}

// ENTRIES //

@misc{acara_profiles,
  author       = {{Australian Curriculum, Assessment and Reporting Authority}},
  title        = {{School Profile 2008-2021}},
  howpublished = {\url{https://www.acara.edu.au/contact-us/acara-data-access}},
  year         = {2022},
  note         = {[Accessed on 17-02-2023]},
}

@misc{srs_background,
  author       = {{Australian Government Department of Education}},
  title        = {{Schooling Resource Standard}},
  howpublished = {\url{https://www.education.gov.au/recurrent-funding-schools/schooling-resource-standard}},
  year         = {2023},
  note         = {[Accessed on 13-02-2023]},
}

@misc{srs_2020,
  title={Australian Government Schools Funding - 2014 to 2020 Funding Years},
  author={{Australian Government Department of Education, Skills and Employment}},
  year={2021}
}

@misc{srp_vic,
  title={2023 Indicative Student Resource Package Guide},
  author={{Victorian Department of Education}},
  year={2023}
}

@misc{psd_guidelines,
  title={Program for Students with Disabilities - Operational Guidelines for School Applications Submitted in 2022},
  author={{Victorian Department of Education}},
  year={2022}
}

@article{adhd,
title = {The World Federation of ADHD International Consensus Statement},
journal = {Neuroscience \& Biobehavioral Reviews},
volume = {128},
pages = {789-818},
year = {2021},
author = {Stephen V. Faraone and Tobias Banaschewski and David Coghill and Yi Zheng and Joseph Biederman and Mark A. Bellgrove and Jeffrey H. Newcorn and Martin Gignac and Nouf M. {Al Saud} and Iris Manor and Luis Augusto Rohde and Li Yang and Samuele Cortese and Doron Almagor and Mark A. Stein and Turki H. Albatti and Haya F. Aljoudi and Mohammed M.J. Alqahtani and Philip Asherson and Lukoye Atwoli and Sven Bölte and Jan K. Buitelaar and Cleo L. Crunelle and David Daley and Søren Dalsgaard and Manfred Döpfner and Stacey {Espinet (on behalf of CADDRA)} and Michael Fitzgerald and Barbara Franke and Manfred Gerlach and Jan Haavik and Catharina A. Hartman and Cynthia M. Hartung and Stephen P. Hinshaw and Pieter J. Hoekstra and Chris Hollis and Scott H. Kollins and J.J. {Sandra Kooij} and Jonna Kuntsi and Henrik Larsson and Tingyu Li and Jing Liu and Eugene Merzon and Gregory Mattingly and Paulo Mattos and Suzanne McCarthy and Amori Yee Mikami and Brooke S.G. Molina and Joel T. Nigg and Diane Purper-Ouakil and Olayinka O. Omigbodun and Guilherme V. Polanczyk and Yehuda Pollak and Alison S. Poulton and Ravi Philip Rajkumar and Andrew Reding and Andreas Reif and Katya Rubia and Julia Rucklidge and Marcel Romanos and J. Antoni Ramos-Quiroga and Arnt Schellekens and Anouk Scheres and Renata Schoeman and Julie B. Schweitzer and Henal Shah and Mary V. Solanto and Edmund Sonuga-Barke and César Soutullo and Hans-Christoph Steinhausen and James M. Swanson and Anita Thapar and Gail Tripp and Geurt {van de Glind} and Wim {van den Brink} and Saskia {Van der Oord} and Andre Venter and Benedetto Vitiello and Susanne Walitza and Yufeng Wang}
}

@article{aces,
  title={The association between adverse childhood experience (ACE) and school success in elementary school children},
  author={Blodgett, Christopher and Lanigan, Jane D.},
  journal={School Psychology Quarterly},
  volume={33},
  number={1},
  pages={137--146},
  year={2018},
  publisher={Educational Publishing Foundation}
}

@misc{naplan,
  author       = {{Australian Curriculum, Assessment and Reporting Authority}},
  title        = {{My School}},
  howpublished = {\url{https://www.myschool.edu.au/}},
  year         = {2022},
  note         = {[Accessed on 13-02-2023]},
}

@misc{casey_schools,
  author       = {{City of Casey}},
  title        = {{Open Data Exchange - Primary and Secondary Schools in City of Casey}},
  howpublished = {\url{https://data.casey.vic.gov.au/explore/dataset/primary-and-secondary-schools/}},
  year         = {2021},
  note         = {[Accessed on 13-02-2023]},
}

@misc{tli,
  author       = {{Victorian Department of Education}},
  title        = {{School Operations - Tutor Learning Initiative}},
  howpublished = {\url{https://www2.education.vic.gov.au/pal/tutor-learning-initiative/policy}},
  year         = {2022},
  note         = {[Accessed on 20-02-2023]},
}

@article{pullout_rea,
  title={Outcomes for Students with Learning Disabilities in Inclusive and Pullout Programs},
  author={Patricia Jordan Rea and Virginia L. McLaughlin and Chriss Walther-Thomas},
  journal={Exceptional Children},
  year={2002},
  volume={68},
  pages={203 - 222}
}

@article{pullout_trinity,
  title={Classroom pull-out: helping or hurting students’ self-concepts and academic success?},
  author={Reifler, Allie},
  year={2021},
  journal={Senior Theses},
  volume={Spring},
  publisher={Trinity College, Hartford Connecticut}
}

@misc{unimelb_aides,
  author       = {Poed, Shiralee and Graham, Lorraine and Berman, Jeanette and McKay-Brown, Lisa},
  title        = {{Making a Case for Teacher Aides}},
  howpublished = {\url{https://pursuit.unimelb.edu.au/articles/making-a-case-for-teacher-aides}},
  year         = {2016},
  note         = {[Accessed on 13-02-2023]}
}

@article{teacher_attitudes,
author = {Saloviita, Timo},
title = {Teacher attitudes towards the inclusion of students with support needs},
journal = {Journal of Research in Special Educational Needs},
volume = {20},
number = {1},
pages = {64-73},
year = {2020}
}

@misc{analytics,
  author       = {Vigliarolo, Brandon},
  title        = {{Prescriptive analytics: A cheat sheet}},
  howpublished = {\url{https://www.techrepublic.com/article/prescriptive-analytics-a-cheat-sheet/}},
  year         = {2019},
  note         = {[Accessed on 20-02-2023]},
}

@article{goal_prog,
  title={A review of goal programming and its applications},
  author={Tamiz, M. and Jones, D. F. and El-Darzi, E.},
  journal={Annals of Operations Research},
  volume={58},
  number={1},
  pages={39--53},
  year={1995}
}

@article{binary_prog,
  title={School Timetabling — A Case in Large Binary Integer Linear Programming},
  author={Tripathy, Arabinda},
  journal={Management Science},
  volume={30},
  number={12},
  pages={1473-1489},
  year={1984}
}

@misc{salary,
  author       = {{Victorian Department of Education}},
  title        = {{Education Support Class Salaries in Victorian Government Schools}},
  howpublished = {\url{https://www.education.vic.gov.au/hrweb/Documents/Salary-EducationSupportClass.pdf}},
  year         = {2022},
  note         = {[Accessed on 13-02-2023]},
}

@article{equity,
author = {Shehab, T. and Haghighat, R. and Sajjan, K. K. and Balali, V.},
title = {Prioritization of K-12 School Maintenance Construction Projects Using Genetic Algorithm and Dynamic Programming Models},
journal = {ITcon},
volume = {26},
pages = {112-127},
year = {2021}
}

@misc{vce_scores,
  author       = {{Victorian Curriculum and Assessment Authority}},
  title        = {{Senior Secondary Completion and Achievement Information}},
  howpublished = {\url{https://www.vcaa.vic.edu.au/administration/research-and-statistics/Pages/SeniorSecondaryCompletion.aspx}},
  year         = {2022},
  note         = {[Accessed on 13-02-2023]},
}

@misc{vce_info,
  author       = {{Victorian Curriculum and Assessment Authority}},
  title        = {{VCE FAQ - Current Students}},
  howpublished = {\url{https://www.vcaa.vic.edu.au/curriculum/vce/vce-faqs/Pages/current-students.aspx}},
  year         = {2023},
  note         = {[Accessed on 13-02-2023]},
}

@article{cost_study,
  title={Efficiency and equity in school funding: A case study for Kansas},
  author={Chakraborty, Kalyan and Poggio, John},
  journal={International Advances in Economic Research},
  volume={14},
  pages={228--241},
  year={2008},
  publisher={Springer}
}

@article{library_funding,
  title={Allocation of library funds to different departments of a university--an operational research approach},
  author={Goyal, SK},
  journal={College \& Research Libraries},
  volume={34},
  number={3},
  pages={219--222},
  year={1973}
}

@article{school_funding,
  title={An Educational Funding Mechanism Based on Data Insight.},
  author={Ren, Jingze and Run, Haonan and Wang, Kai},
  journal={UMAP Journal},
  volume={37},
  number={3},
  year={2016}
}